<record><leader>00000cas a2200000 a 4500</leader><controlfield tag="001">11364902</controlfield><controlfield tag="008">841108d18851888ksuwr ne      0   a0eng d</controlfield><datafield ind1=" " ind2=" " tag="010"><subfield code="a">sn 84030040 </subfield></datafield><datafield ind1=" " ind2=" " tag="040"><subfield code="a">KSH</subfield><subfield code="b">eng</subfield><subfield code="c">KSH</subfield><subfield code="d">NPT</subfield><subfield code="d">OCL</subfield><subfield code="d">OCLCQ</subfield></datafield><datafield ind1=" " ind2=" " tag="042"><subfield code="a">msc</subfield></datafield><datafield ind1="0" ind2=" " tag="130"><subfield code="a">Millbrook herald (Millbrook, Kan. : 1885)</subfield></datafield><datafield ind1="1" ind2="4" tag="245"><subfield code="a">The Millbrook herald.</subfield></datafield><datafield ind1=" " ind2=" " tag="260"><subfield code="a">Millbrook, Kan. :</subfield><subfield code="b">N.C. Terrell,</subfield><subfield code="c">1885-1888.</subfield></datafield><datafield ind1=" " ind2=" " tag="300"><subfield code="a">3 v. ;</subfield><subfield code="c">55 cm.</subfield></datafield><datafield ind1=" " ind2=" " tag="310"><subfield code="a">Weekly</subfield></datafield><datafield ind1="0" ind2=" " tag="362"><subfield code="a">Vol. 1, no. 1 (Sept. 2, 1885)-v. 3, no. 40 (May 30, 1888).</subfield></datafield><datafield ind1=" " ind2=" " tag="500"><subfield code="a">"Democratic."</subfield></datafield><datafield ind1=" " ind2=" " tag="752"><subfield code="a">United States</subfield><subfield code="b">Kansas</subfield><subfield code="c">Graham</subfield><subfield code="d">Millbrook.</subfield></datafield><datafield ind1="0" ind2="4" tag="785"><subfield code="t">Hill City democrat</subfield><subfield code="w">(DLC)sn 84030005</subfield></datafield></record>